2324 3046
1094 112 1228 182 4223
1268 113 1410 182 (4⁶.)
1453 115 1589 184 &iz—3·-

500 204 654 260 mine,
681 220 776 251 non
803 204 938 266 aliter
963 202 1152 268 plerisq;
1178 203 1368 264 cognita
1386 201 1494 252 fuit.
1529 203 1727 252 Pictura?
1753 220 1878 255 enim
1898 224 2062 257 ornnes
2083 226 2186 273 quae

503 268 727 316 bacienus
749 267 942 315 fuerunt
962 268 1147 316 ostensae
1173 300 1190 321 ,
1227 258 1328 315 tam
1352 281 1474 315 verae
1496 268 1802 318 Salamandrae
1824 306 1839 327 ‚
1871 264 2010 336 quam
2030 272 2185 322 asinus

501 348 627 396 equo
656 332 950 395 respondent.
1001 330 1146 394 Quod
1175 328 1311 378 facile
1344 346 1402 380 ex
1439 325 1494 378 ea
1523 347 1666 395 quam
1700 328 1774 381 hic
1803 334 1995 398 apposui
2030 337 2186 402 effigie

500 394 880 462 [inferiussquoss
904 400 1164 445 accuratius
1179 393 1535 455 consideranda]
1560 411 1662 444 eam
1684 389 1980 447 &Matthiolo
1996 416 2184 450 mutua-

502 471 608 512 tus,
631 462 753 523 quod
776 460 962 508 aliunde
982 460 1293 507 nanciscinon
1309 459 1481 519 possem
1499 496 1513 517 ‚
1535 476 1645 509 cum
1666 462 1758 510 hoc
1781 478 1900 526 opus
1924 465 2064 526 praelo
2084 466 2181 513 [ub-

500 524 717 584 jicerem,
738 521 771 571 fi
795 525 895 588 quis
921 539 1023 571 eam
1045 539 1154 571 cum
1177 518 1335 571 nostra
1358 539 1632 586 comparare
1652 528 1767 573 velit
1791 563 1804 584 ,
1829 528 2034 587 judicare
2056 529 2179 578 licet.

497 587 699 635 Memini
726 599 888 636 tamen
907 604 984 635 me
1006 588 1167 635 videre
1189 602 1332 635 unam
1362 588 1410 634 in
1432 587 1522 635 hac
1542 589 1654 637 urbe
1677 622 1694 644 2
1722 605 1821 653 quae
1847 586 2048 639 omnino
2070 593 2181 640 huic

497 649 653 698 fimilis
671 664 800 704 erat,
832 655 882 700 &
904 653 1124 699 membris
1155 667 1252 698 non
1277 663 1338 698 ita
1369 648 1585 699 distineta
1608 688 1623 710 ,
1655 668 1854 716 corpore
1870 651 2180 715 limofifflmo,

498 719 549 763 &
573 715 763 764 limaces
788 730 979 779 magnos
1000 716 1270 767 cineritios,
1292 718 1371 779 qui
1398 716 1647 779 aliquando
1671 718 1718 763 in
1748 719 1873 765 cellis
1895 719 2087 767 vinariis
2106 721 2180 768 in-

495 780 782 832 veniuntur,
808 780 1057 828 referebat.
1094 781 1180 827 Sed
1193 779 1402 828 Lacertae
1421 779 1591 843 species
1615 781 1912 830 Salamantira
1934 778 2000 829 cst
2020 816 2033 837 ,
2069 796 2180 831 cute

495 841 659 907 aspera
687 843 782 908 at<13
808 843 959 892 scabra
978 877 992 900 ‚
1023 844 1193 892 animal
1215 857 1390 907 grave,
1423 844 1728 892 tardiffimum
1753 879 1769 898 ,
1801 846 1988 908 punffls
2027 848 2180 895 veluti

497 901 664 958 stellis,
680 908 833 955 Plinio
856 906 1001 967 teste,
1018 909 1329 971 variegatum.
1362 907 1440 955 Ob
1461 923 1600 970 aquam
1619 904 1977 972 caussamplane
2001 911 2178 964 nescio,

494 971 604 1036 ned3
642 973 767 1019 enim
804 973 876 1019 vel
906 973 1037 1030 haec,
1067 973 1143 1020 vel
1174 971 1272 1019 aliae
1295 1003 1311 1024 ,
1338 972 1395 1018 ad
1418 970 1544 1018 hunc
1572 976 1765 1019 modum
1790 971 2007 1021 formatae
2030 988 2179 1021 erant.

494 1033 626 1081 Nihil
656 1037 809 1099 gignit
841 1036 933 1084 hoc
977 1037 1149 1084 animal
1174 1070 1189 1093 ,
1212 1034 1293 1082 nisi
1312 1046 1526 1098 tempore
1545 1033 1750 1082 maxime
1772 1037 1932 1098 pluvio
1955 1073 1969 1093 ,
2003 1041 2051 1085 &
2076 1051 2178 1085 tota

495 1096 678 1156 aestate,
702 1104 749 1148 &
770 1115 880 1148 cum
901 1102 1075 1149 coelum
1098 1097 1166 1148 est
1187 1101 1421 1157 serenum,
1445 1110 1545 1147 tota
1569 1100 1683 1147 item
1703 1101 1904 1164 hyeme,
1933 1101 1992 1148 ob
2016 1102 2178 1166 ingen-

495 1163 562 1211 tia
587 1163 765 1226 frigora
789 1201 802 1220 ,
830 1165 1046 1217 latitat-...0
2166 1208 2168 1211 ,

611 1235 651 1280 f.
690 1241 732 1280 3.
800 1228 1002 1293 Plerasq'3
1037 1229 1186 1278 allatis
1220 1229 1292 1276 his
1316 1244 1372 1276 ex
1394 1228 1823 1292 descriptiunculis,
1848 1229 2037 1294 aliastj;‚
2075 1244 2176 1292 quae

492 1289 645 1338 adhuc
674 1294 1031 1354 quamplurimae
1059 1294 1327 1341 necestitate
1349 1309 1404 1340 ac
1426 1292 1635 1340 utilitate
1667 1306 1866 1356 urgente
1896 1294 2049 1341 afferri
2072 1308 2176 1356 pos·

492 1354 595 1402 sent
615 1390 628 1411 ,
661 1355 720 1403 eo
743 1357 982 1404 collimare
1004 1358 1176 1419 opinor
1196 1388 1213 1409 ,
1244 1369 1297 1402 ut
1326 1371 1384 1404 ex
1406 1359 1766 1403 coacervatione
1792 1359 2029 1405 variorum
2052 1361 2177 1406 acci·

489 1420 706 1467 dentium
729 1456 743 1477 ‚
770 1423 817 1468 &
840 1422 1177 1484 aggregatione
1201 1420 1445 1467 notiorum
1474 1424 1819 1483 proprietatum
1834 1456 1847 1477 ‚
1867 1421 2076 1485 aliqualis
2097 1421 2176 1467 lal-

491 1495 589 1530 tem
613 1483 914 1532 Salamandrae
936 1485 1189 1532 delineatio
1213 1485 1428 1546 exsurgat
1451 1500 1460 1530 :
1494 1481 1620 1532 Cum
1646 1486 1770 1530 enim
1799 1485 2064 1532 differentia
2091 1484 2179 1548 spe-

490 1543 625 1594 cifica
639 1583 652 1604 ,
672 1563 757 1594 ceu
783 1549 831 1594 in
858 1549 1047 1611 reliquis
1068 1548 1184 1611 proh
1202 1547 1335 1594 dolor
1353 1548 1364 1593 Ξ
1389 1542 1593 1595 infinitis'
1607 1548 1838 1609 speciebus
1853 1581 1869 1600 2
1887 1549 2020 1597 nobis
2041 1549 2181 1595 etiam

491 1610 801 1658 Salamandrae
839 1613 999 1676 ignota
1041 1612 1094 1659 fit
1117 1643 1133 1663 ,
1174 1601 1301 1659 certe
1336 1623 1516 1658 naturae
1555 1608 1727 1659 nostrae
1763 1611 2179 1659 fundamentaliter

494 1675 655 1722 omnia
690 1675 856 1722 sciendi
885 1676 1150 1724 avidiffimae
1184 1686 1237 1721 ut
1269 1675 1654 1736 aliquadantcnus
1680 1674 1958 1723 desiderium
1988 1676 2179 1737 implea-

489 1751 596 1795 tur,
616 1738 927 1787 extrinsecam
953 1743 1002 1787 &
1027 1737 1363 1786 accidentalem
1385 1738 1471 1785 Rei
1489 1738 1874 1802 descriptionem,
1896 1740 1942 1786 h.
1969 1753 2010 1788 e.
2031 1739 2176 1801 qualis

490 1796 783 1865 potia-imum
811 1804 1104 1850 Salamandra
1132 1802 1181 1848 in,
1208 1801 1300 1849 hoc
1321 1803 1499 1850 mundo
1526 1798 1720 1858 existat,
1737 1818 1794 1850 ex
1816 1803 1905 1861 jam
1927 1815 2040 1851 ante
2062 1803 2178 1851 cita-

490 1868 550 1913 tis
573 1867 907 1929 multiplicium
932 1869 1171 1913 Autorum
1196 1865 1434 1912 sententiis
1450 1901 1464 1922 ‚
1486 1867 1534 1912 in
1558 1881 1704 1913 unum
1737 1866 1981 1914 comediam
2007 1868 2182 1927 produ-

492 1951 600 1985 cere
639 1951 733 1983 non
766 1935 1065 1996 subterfugio.
1134 1922 1232 1985 Est
1257 1933 1400 1998 igitur
1419 1931 1452 1985 S
1477 1933 1527 1986 A
1551 1929 1602 1986 L
1627 1929 1682 1986 A
1709 1930 1769 1986 M
1796 1934 1846 1986 A
1872 1933 1926 1987 N
1955 1931 2011 1986 D
2041 1932 2091 1987 R
2120 1930 2173 1988 A

489 2005 697 2087 reptile
733 1999 1093 2085 quadrupes,
1133 2001 1319 2084 figura
1361 2006 1420 2061 ὃς
1466 2011 1891 2085 corporatione
1915 2051 1929 2073 ,
1967 2021 2173 2088 praeter

490 2086 695 2159 capitis
735 2085 795 2140 ὃς
831 2086 1048 2144 ventris
1082 2078 1391 2142 craffitiem
1424 2125 1438 2152 ,
1499 2083 1728 2143 lacertae
1776 2081 1948 2143 viridi
1989 2086 2169 2169 quam

487 2152 819 2219 fimilimum
845 2203 860 2229 ,
898 2165 1142 2221 caudam
1182 2158 1508 2220 breviorem
1544 2200 1559 2229 ,
1598 2163 1658 2218 &
1691 2165 1746 2220 in
1779 2164 1928 2242 pelle
1962 2167 2166 2243 pingui

495 2239 620 2323 atq3
652 2241 932 2297 renitente
963 2241 1227 2299 colorem
1265 2241 1504 2318 nigrum
1529 2278 1544 2306 ,
1577 2240 1816 2297 maculis
1847 2241 2010 2299 luteis
2045 2244 2165 2319 plc-

489 2331 690 2400 rumqg
718 2314 1039 2393 reiperium
1072 2317 1284 2376 habens
1311 2355 1326 2383 ‚
1377 2316 1655 2375 locorum
1700 2314 2059 2399 frigidorum
2105 2320 2165 2375 ὃς

485 2390 880 2453 humidorum
908 2390 1386 2464 amantisfimu'm,
1417 2390 1820 2475 tardigradum
1843 2435 1859 2462 ‚
1939 2395 2165 2454 luviam

487 2473 820 2555 apparentia
848 2469 943 2530 sua
975 2477 1369 2549 praenuncians
1391 2514 1406 2542 ,
1438 2473 1497 2530 δε
1530 2469 1676 2531 falso
1704 2416 2012 2558 quontlam
2039 2491 2160 2532 cre-

485 2547 707 2618 ditum,
732 2553 792 2609 in
815 2551 949 2634 igne
972 2570 1094 2611 non
1129 2555 1396 2615 cremari.
1461 2557 1725 2621 Disputabis
1749 2548 1876 2606 forte
1901 2558 1960 2606 de
1981 2553 2166 2639 Defini-

1178 2638 1184 2669 j
2035 2639 2167 2676 1:101]ss
